<?xml version="1.0" encoding="UTF-8"?><collection xmlns="http://www.loc.gov/MARC21/slim"><record><leader>00488nam--2200193-u-4500</leader><controlfield tag="001">000052734</controlfield><controlfield tag="002">20161230</controlfield><controlfield tag="005">20161230201050</controlfield><controlfield tag="008">101008s1000------------r-----000-0-rus-d</controlfield><datafield ind1=" " ind2=" " tag="040"><subfield code="a">IFIN-HH</subfield></datafield><datafield ind1=" " ind2=" " tag="041"><subfield code="a">rus</subfield></datafield><datafield ind1=" " ind2=" " tag="080"><subfield code="a">534.2</subfield></datafield><datafield ind1="1" ind2=" " tag="100"><subfield code="a">Cernov, L.A</subfield></datafield><datafield ind1="1" ind2="0" tag="245"><subfield code="a">Volni v cluceaino-neodnorodnih sredah</subfield><subfield code="c">L.a. cernov</subfield></datafield><datafield ind1=" " ind2=" " tag="260"><subfield code="a">Moskva</subfield><subfield code="b">Nauka</subfield><subfield code="c">1975</subfield></datafield><datafield ind1=" " ind2=" " tag="300"><subfield code="a">171p</subfield></datafield><datafield ind1=" " ind2=" " tag="490"><subfield code="a">Sovremennie fiziko-tehniceskie problemi</subfield></datafield><datafield ind1=" " ind2=" " tag="852"><subfield code="a">43289</subfield><subfield code="c">534</subfield></datafield><datafield ind1=" " ind2=" " tag="CAT"><subfield code="a">Sys</subfield><subfield code="c">20101008</subfield><subfield code="h">110216</subfield></datafield></record></collection>